%مراجع خود را در این قسمت وارد کنید.
% دستوری برای کوچک کردن اندازه فونت‌ها 
%یک مثال را در زیر می‌بینید.







@article{thrun2002robotic,
	title={Robotic mapping: A survey},
	author={Thrun, Sebastian and others},
	year={2002},
	publisher={Citeseer}
}

@article{bidabad2007classification,
	title={A classification of some Finsler connections and their applications},
	author={Bidabad, Behroz and Tayebi, Akbar},
	journal={arXiv preprint arXiv:0710.2816},
	year={2007}
}
@article{MohadesKhorasani,
	title={برنامهریزی مسیر ربات با استفاده از الگوریتم مبتنی بر نمونهگیری *ARRT},
	author={Ali Amiri Mehr, Ali Mohades Khorasani },
	journal={بیستمین کنفرانس ملی سالانه انجمن کامپیوتر ایران},
	year={2014}
}
@book{aa,
	title={هندسه‌ی منیفلد},
	author={دکتر بهروز بیدآباد},
	publisher={دانشگاه صنعتی امیرکبیر},
	year={1389},
	LANGUAGE ={Persian}
}

@article{najafi2008finsler,
	title={Finsler metrics of scalar flag curvature with special non-Riemannian curvature properties},
	author={Najafi, B and Shen, Z and Tayebi, A},
	journal={Geometriae Dedicata},
	volume={131},
	number={1},
	pages={87--97},
	year={2008},
	publisher={Springer}
}
@book{najafi,
	title={هندسه‌ی منیفلد},
	author={دکتر بهزاد نجفی},
	publisher={دانشگاه صنعتی امیرکبیر},
	year={1388},
	LANGUAGE ={Persian}
}
@book{zakeri,
	title={دستورالعمل و راهنمای نگارش پایان‌نامه},
	author={مهندس محمدرضا ذاکری},
	publisher={دانشگاه صنعتی امیرکبیر},
	year={1391},
	LANGUAGE ={Persian}
}

@book{Craig,
	title={Introduction to robotics: Mechanics and control},
	author={Craig, J. J.},
	publisher={Pearson Prentice Hall},
	year={2005},
	LANGUAGE ={English}
}

@Misc{SerialRobot,
	author       = {},
	title        = {},
	howpublished = {\href{https://devicebase.net/en/techman-tm12}{https://devicebase.net/en/techman-tm12}},
	year         = {},
	note         = {},
}

@Misc{ParallelRobot,
	author       = {},
	title        = {},
	howpublished = {\href{https://favpng.com/png_view/robot-delta-robot-robotics-machine-engineering-png/C0KYKNeA}{https://favpng.com/png_view/robot-delta-robot-robotics-machine-engineering-png/C0KYKNeA}},
	year         = {},
	note         = {},
}

@Misc{AgRobot,
	author       = {},
	title        = {},
	howpublished = {\href{https://www.nytimes.com/2020/02/13/science/farm-agriculture-robots.html}{https://www.nytimes.com/2020/02/13/science/farm-agriculture-robots.html}},
	year         = {},
	note         = {},
}
@Misc{Algobotics,
	author       = {},
	title        = {},
	howpublished = {\href{https://www.youtube.com/@Algobotics}{https://www.youtube.com/@Algobotics}},
	year         = {},
	note         = {},
}


@Misc{SpiderRobot,
	author       = {},
	title        = {},
	howpublished = {\href{https://wallpapercave.com/robot-spiders-wallpapers}{https://wallpapercave.com/robot-spiders-wallpapers}},
	year         = {},
	note         = {},
}

@Misc{StaticStability,
	author       = {},
	title        = {},
	howpublished = {\href{https://wiki.redronic.com/handbooks/robotics-handbook/what-is-legged-robots/}{https://wiki.redronic.com/handbooks/robotics-handbook/what-is-legged-robots/}},
	year         = {},
	note         = {},
}

@Misc{QueryString,
	author       = {},
	title        = {},
	howpublished = {\href{https://derak.cloud/blog/tech/query-string-%DA%86%DB%8C%D8%B3%D8%AA%D8%9F/}{https://derak.cloud/blog/tech/query-string-%DA%86%DB%8C%D8%B3%D8%AA%D8%9F/}},
	year         = {},
	note         = {},
}

@Misc{STM32F101,
	author       = {},
	title        = {},
	howpublished = {\href{https://thecaferobot.com/learn/getting-started-w-stm32f103c8t6/}{https://thecaferobot.com/learn/getting-started-w-stm32f103c8t6/}},
	year         = {},
	note         = {},
}

@Misc{ESP32CAM,
	author       = {},
	title        = {},
	howpublished = {\href{https://www.srkelectronics.in/product/ov2640-camera-module-esp32-cam/}{https://www.srkelectronics.in/product/ov2640-camera-module-esp32-cam/}},
	year         = {},
	note         = {},
}

@Misc{OV2640,
	author       = {},
	title        = {},
	howpublished = {\href{https://www.aliexpress.com/i/33042013379.html}{https://www.aliexpress.com/i/33042013379.html}},
	year         = {},
	note         = {},
}

@Misc{ServoMotor,
	author       = {},
	title        = {},
	howpublished = {\href{https://www.amazon.in/Robodo-Electronics-Tower-Micro-Servo/dp/B00MTFFAE0?th=1}{https://www.amazon.in/Robodo-Electronics-Tower-Micro-Servo/dp/B00MTFFAE0?th=1}},
	year         = {},
	note         = {},
}

@Misc{AccessPoint,
	author       = {},
	title        = {},
	howpublished = {\href{https://en.wikipedia.org/wiki/Wireless_access_point}{https://en.wikipedia.org/wiki/Wireless_access_point}},
	year         = {},
	note         = {},
}


@Misc{Network,
	author       = {},
	title        = {},
	howpublished = {\href{https://randomnerdtutorials.com/esp32-cam-access-point-ap-web-server/}{https://randomnerdtutorials.com/esp32-cam-access-point-ap-web-server/}},
	year         = {},
	note         = {},
}


@article{sipahioglu2008real,
	title={Real-time tour construction for a mobile robot in a dynamic environment},
	author={Sipahioglu, Aydin and Yazici, Ahmet and Parlaktuna, Osman and Gurel, Ugur},
	journal={Robotics and Autonomous Systems},
	volume={56},
	number={4},
	pages={289--295},
	year={2008},
	publisher={Elsevier}
}

@inproceedings{yang2017kinematic,
	title={Kinematic model based real-time path planning method with guide line for autonomous vehicle},
	author={Yang, Shuaishuai and Wang, Zhuping and Zhang, Hao},
	booktitle={2017 36th Chinese Control Conference (CCC)},
	pages={990--994},
	year={2017},
	organization={IEEE}
}

@inproceedings{sudhakara2017optimal,
	title={Optimal trajectory planning based on bidirectional spline-RRT for wheeled mobile robot},
	author={Sudhakara, Priyanka and Ganapathy, Velappa and Sundaran, Karthika},
	booktitle={2017 Third International Conference on Sensing, Signal Processing and Security (ICSSS)},
	pages={65--68},
	year={2017},
	organization={IEEE}
}

@article{miao2013dynamic,
	title={Dynamic robot path planning using an enhanced simulated annealing approach},
	author={Miao, Hui and Tian, Yu-Chu},
	journal={Applied Mathematics and Computation},
	volume={222},
	pages={420--437},
	year={2013},
	publisher={Elsevier}
}

@article{kamil2017new,
	title={New robot navigation algorithm for arbitrary unknown dynamic environments based on future prediction and priority behavior},
	author={Kamil, Farah and Hong, Tang Sai and Khaksar, Weria and Moghrabiah, Mohammed Yasser and Zulkifli, Norzima and Ahmad, Siti Azfanizam},
	journal={Expert Systems with Applications},
	volume={86},
	pages={274--291},
	year={2017},
	publisher={Elsevier}
}

@inproceedings{shen2015model,
	title={Model predictive control for an AUV with dynamic path planning},
	author={Shen, Chao and Shi, Yang and Buckham, Brad},
	booktitle={2015 54th Annual Conference of the Society of Instrument and Control Engineers of Japan (SICE)},
	pages={475--480},
	year={2015},
	organization={IEEE}
}


